@book{burgoon2016nonverbal,
  title={Nonverbal communication},
  author={Burgoon, Judee K and Guerrero, Laura K and Floyd, Kory},
  year={2016},
  publisher={Routledge}
}

@book{leathers2015successful,
  title={Successful nonverbal communication: Principles and applications},
  author={Leathers, Dale G and Eaves, Michael},
  year={2015},
  publisher={Routledge}
}

@article{mclaughlin1982awkward,
  title={Awkward silences: Behavioral antecedents and consequences of the conversational lapse},
  author={McLaughlin, Margaret L and Cody, Michael J},
  journal={Human communication research},
  volume={8},
  number={4},
  pages={299--316},
  year={1982},
  publisher={Wiley Online Library}
}

@article{walther2005let,
  title={Let me count the ways: The interchange of verbal and nonverbal cues in computer-mediated and face-to-face affinity},
  author={Walther, Joseph B and Loh, Tracy and Granka, Laura},
  journal={Journal of language and social psychology},
  volume={24},
  number={1},
  pages={36--65},
  year={2005},
  publisher={Sage Publications Sage CA: Thousand Oaks, CA}
}

@book{kiesler1986hidden,
  title={The hidden messages in computer networks},
  author={Kiesler, Sara},
  year={1986},
  publisher={Harvard Business Review Case Services}
}

@article{walther1992interpersonal,
  title={Interpersonal effects in computer-mediated interaction: A relational perspective},
  author={Walther, Joseph B},
  journal={Communication research},
  volume={19},
  number={1},
  pages={52--90},
  year={1992},
  publisher={Sage London}
}

@article{cramton2002attribution,
  title={Attribution in distributed work groups},
  author={Cramton, Catherine Durnell},
  journal={Distributed work},
  pages={191--212},
  year={2002},
  publisher={Cambridge, MA: MIT Press}
}

@article{kalman2006pauses,
  title={Pauses and response latencies: A chronemic analysis of asynchronous CMC},
  author={Kalman, Yoram M and Ravid, Gilad and Raban, Daphne R and Rafaeli, Sheizaf},
  journal={Journal of Computer-Mediated Communication},
  volume={12},
  number={1},
  pages={1--23},
  year={2006},
  publisher={Wiley Online Library}
}

@article{kalman2011online,
  title={Online pauses and silence: Chronemic expectancy violations in written computer-mediated communication},
  author={Kalman, Yoram M and Rafaeli, Sheizaf},
  journal={Communication Research},
  volume={38},
  number={1},
  pages={54--69},
  year={2011},
  publisher={Sage Publications Sage CA: Los Angeles, CA}
}

@article{mclaughlin1984conversation,
  title={Conversation},
  author={McLaughlin, Margaret L},
  journal={How talk is organized. Beverly Hills (Calif.)},
  year={1984}
}

@article{sacks1974simplest,
  title={A simplest systematics for the organization of turn-taking for conversation},
  author={Sacks, Harvey and Schegloff, Emanuel A and Jefferson, Gail},
  journal={language},
  pages={696--735},
  year={1974},
  publisher={JSTOR}
}

@article{dindia1986antecedents,
  title={Antecedents and Consequences of Awkward Silence A Replication Using Revised Lag Sequential Analysis},
  author={Dindia, Kathryn},
  journal={Human communication research},
  volume={13},
  number={1},
  pages={108--125},
  year={1986},
  publisher={Wiley Online Library}
}

@article{walther1995nonverbal,
  title={Nonverbal cues in computer-mediated communication, and the effect of chronemics on relational communication},
  author={Walther, Joseph B and Tidwell, Lisa C},
  journal={Journal of Organizational Computing and Electronic Commerce},
  volume={5},
  number={4},
  pages={355--378},
  year={1995},
  publisher={Taylor \& Francis}
}

@inproceedings{heston2017worth,
  title={Worth the Wait?: The Effect of Responsiveness on Interpersonal Attraction Among Known Acquaintances},
  author={Heston, Matthew and Birnholtz, Jeremy},
  booktitle={CYTED-RITOS International Workshop on Groupware},
  pages={164--179},
  year={2017},
  organization={Springer}
}

@article{smith2015us,
  title={US smartphone use in 2015},
  author={Smith, Aaron and others},
  journal={Pew Research Center},
  volume={1},
  year={2015}
}

@book{anderson2015technology,
  title={Technology Device Ownership, 2015},
  author={Anderson, Monica},
  year={2015},
  publisher={Pew Research Center}
}

@inproceedings{wohn2015ambient,
  title={From Ambient to Adaptation: Interpersonal Attention Management Among Young Adults},
  author={Wohn, Donghee Yvette and Birnholtz, Jeremy},
  booktitle={Proceedings of the 17th International Conference on Human-Computer Interaction with Mobile Devices and Services},
  pages={26--35},
  year={2015},
  organization={ACM}
}

@article{hall2012calling,
  title={Calling and texting (too much): Mobile maintenance expectations,(over) dependence, entrapment, and friendship satisfaction},
  author={Hall, Jeffrey A and Baym, Nancy K},
  journal={New media \& society},
  volume={14},
  number={2},
  pages={316--331},
  year={2012},
  publisher={Sage Publications Sage UK: London, England}
}

@inproceedings{church2013s,
  title={What's up with whatsapp?: comparing mobile instant messaging behaviors with traditional SMS},
  author={Church, Karen and de Oliveira, Rodrigo},
  booktitle={Proceedings of the 15th international conference on Human-computer interaction with mobile devices and services},
  pages={352--361},
  year={2013},
  organization={ACM}
}

@inproceedings{ames2013managing,
  title={Managing mobile multitasking: the culture of iPhones on stanford campus},
  author={Ames, Morgan G},
  booktitle={Proceedings of the 2013 conference on Computer supported cooperative work},
  pages={1487--1498},
  year={2013},
  organization={ACM}
}

@inproceedings{birnholtz2010my,
  title={On my way: Deceptive texting and interpersonal awareness narratives},
  author={Birnholtz, Jeremy and Guillory, Jamie and Hancock, Jeff and Bazarova, Natalya},
  booktitle={Proceedings of the 2010 ACM conference on Computer supported cooperative work},
  pages={1--4},
  year={2010},
  organization={ACM}
}

@article{nguyen2014lexical,
  title={Lexical cues of interaction involvement in dyadic instant messaging conversations},
  author={Nguyen, Duyen T and Fussell, Susan R},
  journal={Discourse Processes},
  volume={51},
  number={5-6},
  pages={468--493},
  year={2014},
  publisher={Taylor \& Francis}
}

@inproceedings{hancock2007expressing,
  title={Expressing emotion in text-based communication},
  author={Hancock, Jeff and Landrigan, Christopher and Silver, Courtney},
  booktitle={Proceedings of the SIGCHI conference on Human factors in computing systems},
  pages={929--932},
  year={2007},
  organization={ACM}
}

@inproceedings{pirzadeh2012expression,
  title={Expression of emotion in IM},
  author={Pirzadeh, Afarin and Pfaff, Mark S},
  booktitle={Proceedings of the ACM 2012 conference on Computer Supported Cooperative Work Companion},
  pages={199--202},
  year={2012},
  organization={ACM}
}

@inproceedings{tyler2003can,
  title={When Can I Expect an Email Response? A Study of Rhythms in Email Usage.},
  author={Tyler, Joshua R and Tang, John C},
  booktitle={ECSCW},
  volume={3},
  pages={239--258},
  year={2003}
}

@inproceedings{dabbish2005understanding,
  title={Understanding email use: predicting action on a message},
  author={Dabbish, Laura and Kraut, Robert E and Fussell, Susan and Kiesler, Sara},
  booktitle={Proceedings of the SIGCHI conference on Human factors in computing systems},
  pages={691--700},
  year={2005},
  organization={ACM}
}

@article{sternglanz2004reading,
  title={Reading nonverbal cues to emotions: The advantages and liabilities of relationship closeness},
  author={Sternglanz, R Weylin and DePaulo, Bella M},
  journal={Journal of Nonverbal Behavior},
  volume={28},
  number={4},
  pages={245--266},
  year={2004},
  publisher={Springer}
}

@article{reis2004perceived,
  title={Perceived partner responsiveness as an organizing construct in the study of intimacy and closeness},
  author={Reis, Harry T and Clark, Margaret S and Holmes, John G},
  journal={Handbook of closeness and intimacy},
  pages={201--225},
  year={2004}
}

@article{henley1973power,
  title={Power, sex, and nonverbal communication},
  author={Henley, Nancy M},
  journal={Berkeley Journal of Sociology},
  pages={1--26},
  year={1973},
  publisher={JSTOR}
}

@inproceedings{avrahami2006responsiveness,
  title={Responsiveness in instant messaging: predictive models supporting inter-personal communication},
  author={Avrahami, Daniel and Hudson, Scott E},
  booktitle={Proceedings of the SIGCHI conference on Human Factors in computing systems},
  pages={731--740},
  year={2006},
  organization={ACM}
}

@article{daft1986organizational,
  title={Organizational information requirements, media richness and structural design},
  author={Daft, Richard L and Lengel, Robert H},
  journal={Management science},
  volume={32},
  number={5},
  pages={554--571},
  year={1986},
  publisher={INFORMS}
}

@article{duggan2015mobile,
  title={Mobile messaging and social media 2015},
  author={Duggan, Maeve},
  journal={Pew Research Center},
  volume={19},
  year={2015}
}

@article{pettegrew2015smart,
  title={Smart phones and mediated relationships: The changing face of relational communication},
  author={Pettegrew, Loyd S and Day, Carolyn},
  journal={Review of Communication},
  volume={15},
  number={2},
  pages={122--139},
  year={2015},
  publisher={Routledge}
}

@inproceedings{battestini2010large,
  title={A large scale study of text-messaging use},
  author={Battestini, Agathe and Setlur, Vidya and Sohn, Timothy},
  booktitle={Proceedings of the 12th international conference on Human computer interaction with mobile devices and services},
  pages={229--238},
  year={2010},
  organization={ACM}
}

@inproceedings{pirzadeh2014you,
  title={How Do You IM When You Get Emotional?},
  author={Pirzadeh, Afarin and Pfaff, Mark S},
  booktitle={Proceedings of the 18th international conference on supporting group work},
  pages={243--249},
  year={2014},
  organization={ACM}
}

@inproceedings{liebman2016s,
  title={It's (Not) Simply a Matter of Time: The Relationship Between CMC Cues and Interpersonal Affinity},
  author={Liebman, Noah and Gergle, Darren},
  booktitle={Proceedings of the 19th ACM Conference on Computer-Supported Cooperative Work \& Social Computing},
  pages={570--581},
  year={2016},
  organization={ACM}
}

@inproceedings{hancock2007expressing,
  title={Expressing emotion in text-based communication},
  author={Hancock, Jeff and Landrigan, Christopher and Silver, Courtney},
  booktitle={Proceedings of the SIGCHI conference on Human factors in computing systems},
  pages={929--932},
  year={2007},
  organization={ACM}
}

@inproceedings{pirzadeh2012expression,
  title={Expression of emotion in IM},
  author={Pirzadeh, Afarin and Pfaff, Mark S},
  booktitle={Proceedings of the ACM 2012 conference on Computer Supported Cooperative Work Companion},
  pages={199--202},
  year={2012},
  organization={ACM}
}

@article{kalman2013online,
  title={Online chronemics convey social information},
  author={Kalman, Yoram M and Scissors, Lauren E and Gill, Alastair J and Gergle, Darren},
  journal={Computers in Human Behavior},
  volume={29},
  number={3},
  pages={1260--1269},
  year={2013},
  publisher={Elsevier}
}

@inproceedings{dabbish2005understanding,
  title={Understanding email use: predicting action on a message},
  author={Dabbish, Laura and Kraut, Robert E and Fussell, Susan and Kiesler, Sara},
  booktitle={Proceedings of the SIGCHI conference on Human factors in computing systems},
  pages={691--700},
  year={2005},
  organization={ACM}
}

@inproceedings{avrahami2006responsiveness,
  title={Responsiveness in instant messaging: predictive models supporting inter-personal communication},
  author={Avrahami, Daniel and Hudson, Scott E},
  booktitle={Proceedings of the SIGCHI conference on Human Factors in computing systems},
  pages={731--740},
  year={2006},
  organization={ACM}
}

@inproceedings{pielot2014didn,
  title={Didn't you see my message?: predicting attentiveness to mobile instant messages},
  author={Pielot, Martin and de Oliveira, Rodrigo and Kwak, Haewoon and Oliver, Nuria},
  booktitle={Proceedings of the 32nd annual ACM conference on Human factors in computing systems},
  pages={3319--3328},
  year={2014},
  organization={ACM}
}

@article{short1976social,
  title={The social psychology of telecommunications},
  author={Short, John and Williams, Ederyn and Christie, Bruce},
  year={1976},
  publisher={John Wiley and Sons Ltd}
}

@article{burgoon1984relational,
  title={Relational messages associated with nonverbal behaviors},
  author={Burgoon, Judee K and Buller, David B and Hale, Jerold L and Turck, Mark A},
  journal={Human Communication Research},
  volume={10},
  number={3},
  pages={351--378},
  year={1984},
  publisher={Wiley Online Library}
}

@article{kiesler1984social,
  title={Social psychological aspects of computer-mediated communication.},
  author={Kiesler, Sara and Siegel, Jane and McGuire, Timothy W},
  journal={American psychologist},
  volume={39},
  number={10},
  pages={1123},
  year={1984},
  publisher={American Psychological Association}
}

@article{sproull1986reducing,
  title={Reducing social context cues: Electronic mail in organizational communication},
  author={Sproull, Lee and Kiesler, Sara},
  journal={Management science},
  volume={32},
  number={11},
  pages={1492--1512},
  year={1986},
  publisher={INFORMS}
}

@article{dubrovsky1991equalization,
  title={The equalization phenomenon: Status effects in computer-mediated and face-to-face decision-making groups},
  author={Dubrovsky, Vitaly J and Kiesler, Sara and Sethna, Beheruz N},
  journal={Human-computer interaction},
  volume={6},
  number={2},
  pages={119--146},
  year={1991},
  publisher={Taylor \& Francis}
}

@article{rice1993media,
  title={Media appropriateness},
  author={Rice, Ronald E},
  journal={Human communication research},
  volume={19},
  number={4},
  pages={451--484},
  year={1993},
  publisher={Wiley Online Library}
}

@article{panteli2002richness,
  title={Richness, power cues and email text},
  author={Panteli, Niki},
  journal={Information \& management},
  volume={40},
  number={2},
  pages={75--86},
  year={2002},
  publisher={Elsevier}
}

@article{walther2002cues,
  title={Cues filtered out, cues filtered in},
  author={Walther, Joseph B and Parks, Malcolm R},
  journal={Handbook of interpersonal communication},
  volume={3},
  pages={529--563},
  year={2002}
}

@article{walther1993impression,
  title={Impression development in computer-mediated interaction},
  author={Walther, Joseph B},
  journal={Western Journal of Communication (includes Communication Reports)},
  volume={57},
  number={4},
  pages={381--398},
  year={1993},
  publisher={Taylor \& Francis}
}

@article{derks2008emoticons,
  title={Emoticons in computer-mediated communication: Social motives and social context},
  author={Derks, Daantje and Bos, Arjan ER and Von Grumbkow, Jasper},
  journal={CyberPsychology \& Behavior},
  volume={11},
  number={1},
  pages={99--101},
  year={2008},
  publisher={Mary Ann Liebert, Inc. 140 Huguenot Street, 3rd Floor New Rochelle, NY 10801-5215 USA}
}

@article{hsieh2017playfulness,
  title={Playfulness in mobile instant messaging: Examining the influence of emoticons and text messaging on social interaction},
  author={Hsieh, Sara H and Tseng, Timmy H},
  journal={Computers in Human Behavior},
  volume={69},
  pages={405--414},
  year={2017},
  publisher={Elsevier}
}

@article{goodwin1980restarts,
  title={Restarts, Pauses, and the Achievement of a State of Mutual Gaze at Turn-Beginning},
  author={Goodwin, Charles},
  journal={Sociological inquiry},
  volume={50},
  number={3-4},
  pages={272--302},
  year={1980},
  publisher={Wiley Online Library}
}

@article{streeck1993gesture,
  title={Gesture as communication I: Its coordination with gaze and speech},
  author={Streeck, J{\"u}rgen},
  journal={Communications Monographs},
  volume={60},
  number={4},
  pages={275--299},
  year={1993},
  publisher={Taylor \& Francis}
}

@article{sicoli2015marked,
  title={Marked initial pitch in questions signals marked communicative function},
  author={Sicoli, Mark A and Stivers, Tanya and Enfield, Nick J and Levinson, Stephen C},
  journal={Language and speech},
  volume={58},
  number={2},
  pages={204--223},
  year={2015},
  publisher={SAGE Publications Sage UK: London, England}
}

@inproceedings{zellers2014duration,
  title={Duration and pitch in perception of turn transition by Swedish and English listeners},
  author={Zellers, Margaret},
  booktitle={Proc. from FONETIK},
  pages={41--46},
  year={2014}
}

@article{herring1999interactional,
  title={Interactional coherence in CMC},
  author={Herring, Susan},
  journal={Journal of Computer-Mediated Communication},
  volume={4},
  number={4},
  pages={0--0},
  year={1999},
  publisher={Wiley Online Library}
}

@article{mcgrath1990time,
  title={Time matters in groups},
  author={McGrath, Joseph E},
  journal={Intellectual teamwork: Social and technological foundations of cooperative work},
  volume={23},
  pages={61},
  year={1990}
}

@article{paolillo2001language,
  title={Language variation on Internet Relay Chat: A social network approach},
  author={Paolillo, John C},
  journal={Journal of sociolinguistics},
  volume={5},
  number={2},
  pages={180--213},
  year={2001},
  publisher={Wiley Online Library}
}

@article{garcia1999eyes,
  title={The eyes of the beholder: Understanding the turn-taking system in quasi-synchronous computer-mediated communication},
  author={Garcia, Angela Cora and Baker Jacobs, Jennifer},
  journal={Research on language and social interaction},
  volume={32},
  number={4},
  pages={337--367},
  year={1999},
  publisher={Taylor \& Francis}
}

@article{hancock2001language,
  title={Language use in computer-mediated communication: The role of coordination devices},
  author={Hancock, Jeff and Dunham, Philip J},
  journal={Discourse Processes},
  volume={31},
  number={1},
  pages={91--110},
  year={2001},
  publisher={Taylor \& Francis}
}

@article{tang2007approaching,
  title={Approaching and leave-taking: Negotiating contact in computer-mediated communication},
  author={Tang, John C},
  journal={ACM Transactions on Computer-Human Interaction (TOCHI)},
  volume={14},
  number={1},
  pages={5},
  year={2007},
  publisher={ACM}
}

@article{ling200210,
  title={Hyper--coordination via mobile phones in Norway},
  author={Ling, Richard and Yttri, Birgitte},
  journal={Perpetual contact: Mobile communication, private talk, public performance},
  volume={139},
  year={2002},
  publisher={Cambridge University Press}
}

@article{kasesniemi200211,
  title={Mobile culture of children and teenagers in Finland},
  author={Kasesniemi, Eija-Liisa and Rautiainen, Pirjo},
  journal={Perpetual contact},
  pages={170},
  year={2002}
}

@article{avrahami2007improving,
  title={Improving the match between callers and receivers: A study on the effect of contextual information on cell phone interruptions},
  author={Avrahami, Daniel and Gergle, DARREN and Hudson, Scott E and Kiesler, SARA},
  journal={Behaviour \& Information Technology},
  volume={26},
  number={3},
  pages={247--259},
  year={2007},
  publisher={Taylor \& Francis}
}

@inproceedings{hudson2002d,
  title={I'd be overwhelmed, but it's just one more thing to do: Availability and interruption in research management},
  author={Hudson, James M and Christensen, Jim and Kellogg, Wendy A and Erickson, Thomas},
  booktitle={Proceedings of the SIGCHI Conference on Human factors in computing systems},
  pages={97--104},
  year={2002},
  organization={ACM}
}

@article{rainie2015americans,
  title={Americans’ views on mobile etiquette},
  author={Rainie, Lee and Zickuhr, Kathryn},
  journal={Pew Research Center},
  volume={26},
  year={2015}
}

@article{goldberg1990interrupting,
  title={Interrupting the discourse on interruptions: An analysis in terms of relationally neutral, power-and rapport-oriented acts},
  author={Goldberg, Julia A},
  journal={Journal of Pragmatics},
  volume={14},
  number={6},
  pages={883--903},
  year={1990},
  publisher={Elsevier}
}

@article{west1979against,
  title={Against our will: Male interruptions of females in cross-sex conversation},
  author={West, Candace},
  journal={Annals of the New York Academy of Sciences},
  volume={327},
  number={1},
  pages={81--96},
  year={1979},
  publisher={Wiley Online Library}
}

@book{brown1987politeness,
  title={Politeness: Some universals in language usage},
  author={Brown, Penelope and Levinson, Stephen C},
  volume={4},
  year={1987},
  publisher={Cambridge university press}
}

@article{wolfson1990bulge,
  title={The Bulge: A Theory of Speech Behavior and Social Distance.},
  author={Wolfson, Nessa},
  journal={Penn Working Papers in Educational Linguistics},
  volume={2},
  number={1},
  pages={55--83},
  year={1990},
  publisher={ERIC}
}

@article{schulze2017knowledge,
  title={The knowledge, skills, abilities, and other characteristics required for face-to-face versus computer-mediated communication: Similar or distinct constructs?},
  author={Schulze, Julian and Schultze, Martin and West, Stephen G and Krumm, Stefan},
  journal={Journal of Business and Psychology},
  volume={32},
  number={3},
  pages={283--300},
  year={2017},
  publisher={Springer}
}

@article{stromer2015context,
  title={Context and medium matter: Expressing disagreements online and face-to-face in political deliberations},
  author={Stromer-Galley, Jennifer and Bryant, Lauren and Bimber, Bruce},
  journal={Journal of Public Deliberation},
  volume={11},
  number={1},
  year={2015},
  publisher={Institute for Civic Discourse and Democracy}
}

@article{birnholtz2017attending,
  title={Attending to attention: How do people attract, manage, and negotiate attention using mobile devices?},
  author={Birnholtz, Jeremy and Davison, Jordan and Li, Ang},
  journal={Mobile Media \& Communication},
  volume={5},
  number={3},
  pages={256--274},
  year={2017},
  publisher={SAGE Publications Sage UK: London, England}
}

@book{liska1975consistency,
  title={The consistency controversy},
  author={Liska, Allen E},
  year={1975},
  publisher={John Wiley \& Sons}
}

@article{fogarty2005predicting,
  title={Predicting human interruptibility with sensors},
  author={Fogarty, James and Hudson, Scott E and Atkeson, Christopher G and Avrahami, Daniel and Forlizzi, Jodi and Kiesler, Sara and Lee, Johnny C and Yang, Jie},
  journal={ACM Transactions on Computer-Human Interaction (TOCHI)},
  volume={12},
  number={1},
  pages={119--146},
  year={2005},
  publisher={ACM}
}

@book{northrup1997problem,
  title={The problem of the self-report in survey research},
  author={Northrup, David A},
  year={1997},
  publisher={Institute for Social Research, York University}
}

@book{jupp2006sage,
  title={The Sage dictionary of social research methods},
  author={Jupp, Victor},
  year={2006},
  publisher={Sage}
}

@article{hormuth1986sampling,
  title={The sampling of experiences in situ},
  author={Hormuth, Stefan E},
  journal={Journal of personality},
  volume={54},
  number={1},
  pages={262--293},
  year={1986},
  publisher={Wiley Online Library}
}

@article{wish1976perceived,
  title={Perceived dimensions of interpersonal relations.},
  author={Wish, Myron and Deutsch, Morton and Kaplan, Susan J},
  journal={Journal of Personality and Social Psychology},
  volume={33},
  number={4},
  pages={409},
  year={1976},
  publisher={American Psychological Association}
}

@article{leffler1982effects,
  title={The effects of status differentiation on nonverbal behavior},
  author={Leffler, Ann and Gillespie, Dair L and Conaty, Joseph C},
  journal={Social psychology quarterly},
  pages={153--161},
  year={1982},
  publisher={JSTOR}
}

@article{guerrero1991waxing,
  title={The waxing and waning of relational intimacy: Touch as a function of relational stage, gender and touch avoidance},
  author={Guerrero, Laura K and Andersen, Peter A},
  journal={Journal of Social and Personal Relationships},
  volume={8},
  number={2},
  pages={147--165},
  year={1991},
  publisher={Sage Publications Sage CA: Thousand Oaks, CA}
}

@book{gelman2007data,
  title={Data analysis using regression and multilevelhierarchical models},
  author={Gelman, Andrew and Hill, Jennifer},
  volume={1},
  year={2007},
  publisher={Cambridge University Press New York, NY, USA}
}

@book{west2014linear,
  title={Linear mixed models: a practical guide using statistical software},
  author={West, Brady T and Welch, Kathleen B and Galecki, Andrzej T},
  year={2014},
  publisher={CRC Press}
}

@article{cohen1992statistical,
  title={Statistical power analysis},
  author={Cohen, Jacob},
  journal={Current directions in psychological science},
  volume={1},
  number={3},
  pages={98--101},
  year={1992},
  publisher={SAGE Publications Sage CA: Los Angeles, CA}
}

@article{green2016simr,
  title={SIMR: an R package for power analysis of generalized linear mixed models by simulation},
  author={Green, Peter and MacLeod, Catriona J},
  journal={Methods in Ecology and Evolution},
  volume={7},
  number={4},
  pages={493--498},
  year={2016},
  publisher={Wiley Online Library}
}

@book{shiu2004americans,
  title={How Americans use instant messaging},
  author={Shiu, Eulynn and Lenhart, Amanda},
  year={2004},
  publisher={Pew Internet \& American Life Project}
}

@article{hu2004friendships,
  title={Friendships through IM: Examining the relationship between instant messaging and intimacy},
  author={Hu, Yifeng and Wood, Jacqueline Fowler and Smith, Vivian and Westbrook, Nalova},
  journal={Journal of Computer-Mediated Communication},
  volume={10},
  number={1},
  pages={JCMC10111},
  year={2004},
  publisher={Oxford University Press Oxford, UK}
}

@article{valkenburg2009effects,
  title={The effects of instant messaging on the quality of adolescents’ existing friendships: A longitudinal study},
  author={Valkenburg, Patti M and Peter, Jochen},
  journal={Journal of Communication},
  volume={59},
  number={1},
  pages={79--97},
  year={2009},
  publisher={Wiley Online Library}
}

@article{grinter2006chatting,
  title={Chatting with teenagers: Considering the place of chat technologies in teen life},
  author={Grinter, Rebecca E and Palen, Leysia and Eldridge, Margery},
  journal={ACM Transactions on Computer-Human Interaction (TOCHI)},
  volume={13},
  number={4},
  pages={423--447},
  year={2006},
  publisher={ACM}
}

@inproceedings{amin2005sensems,
  title={SenseMS: a user-centered approach to enrich the messaging experience for teens by non-verbal means},
  author={Amin, Alia K and Kersten, Bram TA and Kulyk, Olga A and Pelgrim, PH and Wang, Chih-Ming and Markopoulos, Panos},
  booktitle={Proceedings of the 7th international conference on Human computer interaction with mobile devices \& services},
  pages={161--166},
  year={2005},
  organization={ACM}
}

@article{tossell2012longitudinal,
  title={A longitudinal study of emoticon use in text messaging from smartphones},
  author={Tossell, Chad C and Kortum, Philip and Shepard, Clayton and Barg-Walkow, Laura H and Rahmati, Ahmad and Zhong, Lin},
  journal={Computers in Human Behavior},
  volume={28},
  number={2},
  pages={659--663},
  year={2012},
  publisher={Elsevier}
}

@article{lo2008nonverbal,
  title={The nonverbal communication functions of emoticons in computer-mediated communication},
  author={Lo, Shao-Kang},
  journal={CyberPsychology \& Behavior},
  volume={11},
  number={5},
  pages={595--597},
  year={2008},
  publisher={Mary Ann Liebert, Inc. 140 Huguenot Street, 3rd Floor New Rochelle, NY 10801-5215 USA}
}

@article{turoff1991computer,
  title={Computer-mediated communication requirements for group support},
  author={Turoff, Murray},
  journal={Journal of Organizational Computing and Electronic Commerce},
  volume={1},
  number={1},
  pages={85--113},
  year={1991},
  publisher={Taylor \& Francis}
}

@misc{john1991big,
  title={The big five inventory—versions 4a and 54},
  author={John, Oliver P and Donahue, Eileen M and Kentle, Robert L},
  year={1991},
  publisher={Berkeley, CA: University of California, Berkeley, Institute of Personality and Social Research}
}

@article{rammstedt2007measuring,
  title={Measuring personality in one minute or less: A 10-item short version of the Big Five Inventory in English and German},
  author={Rammstedt, Beatrice and John, Oliver P},
  journal={Journal of research in Personality},
  volume={41},
  number={1},
  pages={203--212},
  year={2007},
  publisher={Elsevier}
}

@inproceedings{chittaranjan2011s,
  title={Who's who with big-five: Analyzing and classifying personality traits with smartphones},
  author={Chittaranjan, Gokul and Blom, Jan and Gatica-Perez, Daniel},
  booktitle={Wearable Computers (ISWC), 2011 15th Annual International Symposium on},
  pages={29--36},
  year={2011},
  organization={IEEE}
}

@article{lepp2015exploring,
  title={Exploring the relationships between college students’ cell phone use, personality and leisure},
  author={Lepp, Andrew and Li, Jian and Barkley, Jacob E and Salehi-Esfahani, Saba},
  journal={Computers in Human Behavior},
  volume={43},
  pages={210--219},
  year={2015},
  publisher={Elsevier}
}

@inproceedings{de2013predicting,
  title={Predicting personality using novel mobile phone-based metrics},
  author={de Montjoye, Yves-Alexandre and Quoidbach, Jordi and Robic, Florent and Pentland, Alex Sandy},
  booktitle={International conference on social computing, behavioral-cultural modeling, and prediction},
  pages={48--55},
  year={2013},
  organization={Springer}
}

@article{lord1985information,
  title={An information processing approach to social perceptions, leadership and behavioral measurement in organizations.},
  author={Lord, Robert G},
  journal={Research in organizational behavior},
  year={1985},
  publisher={JAI Press, Inc.}
}

@article{wyer1980processing,
  title={The processing of social stimulus information: A conceptual integration},
  author={Wyer, Robert S and Srull, Thomas K and Hastie, R and Ostrom, TM and Ebbesen, EB and Wyer, RS and Hamilton, DL and Carlson, DE},
  journal={Person memory: The cognitive basis of social perception},
  pages={227--300},
  year={1980}
}

@article{argyle1976gaze,
  title={Gaze and mutual gaze.},
  author={Argyle, Michael and Cook, Mark},
  year={1976},
  publisher={Cambridge U Press}
}

@book{wiener1968language,
  title={Language within language: Immediacy, a channel in verbal communication},
  author={Wiener, Morton and Mehrabian, Albert},
  year={1968},
  publisher={Ardent Media}
}

@article{sherblom1988direction,
  title={Direction, function, and signature in electronic mail},
  author={Sherblom, John},
  journal={The Journal of Business Communication (1973)},
  volume={25},
  number={4},
  pages={39--54},
  year={1988},
  publisher={Sage Publications Sage CA: Thousand Oaks, CA}
}

@inproceedings{carey1980paralanguage,
  title={Paralanguage in computer mediated communication},
  author={Carey, John},
  booktitle={Proceedings of the 18th annual meeting on Association for Computational Linguistics},
  pages={67--69},
  year={1980},
  organization={Association for Computational Linguistics}
}

@article{hancock2001impression,
  title={Impression formation in computer-mediated communication revisited: An analysis of the breadth and intensity of impressions},
  author={Hancock, Jeff and Dunham, Philip J},
  journal={Communication research},
  volume={28},
  number={3},
  pages={325--347},
  year={2001},
  publisher={Sage Publications London}
}

@article{tanis2003social,
  title={Social cues and impression formation in CMC},
  author={Tanis, Martin and Postmes, Tom},
  journal={Journal of Communication},
  volume={53},
  number={4},
  pages={676--693},
  year={2003},
  publisher={Oxford University Press}
}

@article{markey2002interpersonal,
  title={Interpersonal perception in internet chat rooms},
  author={Markey, Patrick M and Wells, Shannon M},
  journal={Journal of Research in Personality},
  volume={36},
  number={2},
  pages={134--146},
  year={2002},
  publisher={Elsevier}
}

@article{muir2017linguistic,
  title={Linguistic style accommodation shapes impression formation and rapport in computer-mediated communication},
  author={Muir, Kate and Joinson, Adam and Cotterill, Rachel and Dewdney, Nigel},
  journal={Journal of Language and Social Psychology},
  volume={36},
  number={5},
  pages={525--548},
  year={2017},
  publisher={SAGE Publications Sage CA: Los Angeles, CA}
}

@article{nguyen2016effects,
  title={Effects of conversational involvement cues on understanding and emotions in instant messaging conversations},
  author={Nguyen, Duyen T and Fussell, Susan R},
  journal={Journal of Language and Social Psychology},
  volume={35},
  number={1},
  pages={28--55},
  year={2016},
  publisher={SAGE Publications Sage CA: Los Angeles, CA}
}

@article{walther2001impacts,
  title={The impacts of emoticons on message interpretation in computer-mediated communication},
  author={Walther, Joseph B and D’Addario, Kyle P},
  journal={Social science computer review},
  volume={19},
  number={3},
  pages={324--347},
  year={2001},
  publisher={Sage Publications Sage CA: Thousand Oaks, CA}
}

@article{wolf2000emotional,
  title={Emotional expression online: Gender differences in emoticon use},
  author={Wolf, Alecia},
  journal={CyberPsychology \& Behavior},
  volume={3},
  number={5},
  pages={827--833},
  year={2000},
  publisher={Mary Ann Liebert, Inc.}
}

@book{katz2002perpetual,
  title={Perpetual contact: Mobile communication, private talk, public performance},
  author={Katz, James E and Aakhus, Mark},
  year={2002},
  publisher={Cambridge University Press}
}

@book{baym2015personal,
  title={Personal connections in the digital age},
  author={Baym, Nancy K},
  year={2015},
  publisher={John Wiley \& Sons}
}

@article{hall2012calling,
  title={Calling and texting (too much): Mobile maintenance expectations,(over) dependence, entrapment, and friendship satisfaction},
  author={Hall, Jeffrey A and Baym, Nancy K},
  journal={New media \& society},
  volume={14},
  number={2},
  pages={316--331},
  year={2012},
  publisher={Sage Publications Sage UK: London, England}
}

@article{baxter1993relationship,
  title={Relationship maintenance strategies and dialectical contradictions in personal relationships},
  author={Baxter, Leslie A and Simon, Eric P},
  journal={Journal of Social and Personal Relationships},
  volume={10},
  number={2},
  pages={225--242},
  year={1993},
  publisher={Sage Publications Sage CA: Thousand Oaks, CA}
}

@article{grandhi2010technology,
  title={Technology-mediated interruption management},
  author={Grandhi, Sukeshini and Jones, Quentin},
  journal={International Journal of Human-Computer Studies},
  volume={68},
  number={5},
  pages={288--306},
  year={2010},
  publisher={Elsevier}
}

@article{bayer2015connection,
  title={Connection cues: Activating the norms and habits of social connectedness},
  author={Bayer, Joseph B and Campbell, Scott W and Ling, Rich},
  journal={Communication Theory},
  volume={26},
  number={2},
  pages={128--149},
  year={2015},
  publisher={Oxford University Press}
}

@incollection{laursen2005please,
  title={Please reply! The replying norm in adolescent SMS communication},
  author={Laursen, Ditte},
  booktitle={The inside text},
  pages={53--73},
  year={2005},
  publisher={Springer}
}

@article{locher2005politeness,
  title={Politeness theory and relational work},
  author={Locher, Miriam A and Watts, Richard J},
  journal={Journal of Politeness Research. Language, Behaviour, Culture},
  volume={1},
  number={1},
  pages={9--33},
  year={2005},
  publisher={Walter de Gruyter}
}

@inproceedings{levinson1981essential,
  title={The essential inadequacies of speech act models of dialogue},
  author={Levinson, Stephen C},
  booktitle={Possibilities and limitations of pragmatics: Proceedings of the Conference on Pragmatics, Urbino, July 8--14, 1979},
  pages={473--492},
  year={1981},
  organization={John Benjamins}
}

@book{clark1996using,
  title={Using language},
  author={Clark, Herbert H},
  year={1996},
  publisher={Cambridge university press}
}

@article{floyd1999reacting,
  title={Reacting to nonverbal expressions of liking: A test of interaction adaptation theory},
  author={Floyd, Kory and Burgoon, Judee K},
  journal={Communications Monographs},
  volume={66},
  number={3},
  pages={219--239},
  year={1999},
  publisher={Taylor \& Francis}
}

@article{spencer2011conceptualising,
  title={Conceptualising ‘the relational’in pragmatics: Insights from metapragmatic emotion and (im) politeness comments},
  author={Spencer-Oatey, Helen},
  journal={Journal of Pragmatics},
  volume={43},
  number={14},
  pages={3565--3578},
  year={2011},
  publisher={Elsevier}
}

@article{meyer2004repairing,
  title={Repairing regretted messages: Effects of emotional state, relationship type, and seriousness of offense},
  author={Meyer, Janet R and Rothenberg, Kyra},
  journal={Communication Research Reports},
  volume={21},
  number={4},
  pages={348--356},
  year={2004},
  publisher={Taylor \& Francis}
}

@article{spilioti2011beyond,
  title={Beyond Genre: Closings and relational work in text messaging},
  author={Spilioti, Tereza},
  journal={Digital discourse: language in the new media},
  pages={67--128},
  year={2011},
  publisher={Oxford University Press Oxford}
}

@article{hogg2006social,
  title={Social identity, self-categorization, and the communication of group norms},
  author={Hogg, Michael A and Reid, Scott A},
  journal={Communication theory},
  volume={16},
  number={1},
  pages={7--30},
  year={2006},
  publisher={Wiley Online Library}
}

@book{ting2001managing,
  title={Managing intercultural conflict effectively},
  author={Ting-Toomey, Stella and Oetzel, John G},
  volume={6},
  year={2001},
  publisher={Sage}
}

@article{erceau2007tactile,
  title={Tactile contact and evaluation of the toucher},
  author={Erceau, Damien and Gu{\'e}guen, Nicolas},
  journal={The Journal of social psychology},
  volume={147},
  number={4},
  pages={441--444},
  year={2007},
  publisher={Taylor \& Francis}
}

@article{burgoon1991relational,
  title={Relational message interpretations of touch, conversational distance, and posture},
  author={Burgoon, Judee K},
  journal={Journal of Nonverbal behavior},
  volume={15},
  number={4},
  pages={233--259},
  year={1991},
  publisher={Springer}
}

@article{craven2010directives,
  title={Directives: Entitlement and contingency in action},
  author={Craven, Alexandra and Potter, Jonathan},
  journal={Discourse Studies},
  volume={12},
  number={4},
  pages={419--442},
  year={2010},
  publisher={SAGE Publications Sage UK: London, England}
}

@article{vine2009directives,
  title={Directives at work: Exploring the contextual complexity of workplace directives},
  author={Vine, Bernadette},
  journal={Journal of Pragmatics},
  volume={41},
  number={7},
  pages={1395--1405},
  year={2009},
  publisher={Elsevier}
}

@article{conner2009experience,
  title={Experience sampling methods: A modern idiographic approach to personality research},
  author={Conner, Tamlin S and Tennen, Howard and Fleeson, William and Barrett, Lisa Feldman},
  journal={Social and personality psychology compass},
  volume={3},
  number={3},
  pages={292--313},
  year={2009},
  publisher={Wiley Online Library}
}

@incollection{csikszentmihalyi2014validity,
  title={Validity and reliability of the experience-sampling method},
  author={Csikszentmihalyi, Mihaly and Larson, Reed},
  booktitle={Flow and the foundations of positive psychology},
  pages={35--54},
  year={2014},
  publisher={Springer}
}

@inproceedings{wainer2011should,
  title={Should I open this email?: inbox-level cues, curiosity and attention to email},
  author={Wainer, Jaclyn and Dabbish, Laura and Kraut, Robert},
  booktitle={Proceedings of the SIGCHI conference on human factors in computing systems},
  pages={3439--3448},
  year={2011},
  organization={ACM}
}

@inproceedings{siu2006going,
  title={Going with the flow: email awareness and task management},
  author={Siu, Nelson and Iverson, Lee and Tang, Anthony},
  booktitle={Proceedings of the 2006 20th anniversary conference on Computer supported cooperative work},
  pages={441--450},
  year={2006},
  organization={ACM}
}

@article{tsugawa2012estimating,
  title={Estimating Message Importance Using Inferred Inter-recipient Trust for Supporting Email Triage},
  author={Tsugawa, Sho and Ohsaki, Hiroyuki and Imase, Makoto},
  journal={Information and Media Technologies},
  volume={7},
  number={3},
  pages={1073--1082},
  year={2012},
  publisher={Information and Media Technologies Editorial Board}
}

@article{miller1982assessment,
  title={The assessment of social intimacy},
  author={Miller, Rickey S and Lefcourt, Herbert M},
  journal={Journal of personality Assessment},
  volume={46},
  number={5},
  pages={514--518},
  year={1982},
  publisher={Taylor \& Francis}
}

@article{farrell2015relationship,
  title={The relationship power inventory: Development and validation},
  author={Farrell, Allison K and Simpson, Jeffry A and Rothman, Alexander J},
  journal={Personal Relationships},
  volume={22},
  number={3},
  pages={387--413},
  year={2015},
  publisher={Wiley Online Library}
}

@article{manning2001estimating,
  title={Estimating log models: to transform or not to transform?},
  author={Manning, Willard G and Mullahy, John},
  journal={Journal of health economics},
  volume={20},
  number={4},
  pages={461--494},
  year={2001},
  publisher={Elsevier}
}

@article{buntin2004too,
  title={Too much ado about two-part models and transformation?: Comparing methods of modeling Medicare expenditures},
  author={Buntin, Melinda Beeuwkes and Zaslavsky, Alan M},
  journal={Journal of health economics},
  volume={23},
  number={3},
  pages={525--542},
  year={2004},
  publisher={Elsevier}
}

@article{dick2004beyond,
  title={Beyond ‘lognormal versus gamma’: discrimination among error distributions for generalized linear models},
  author={Dick, EJ},
  journal={Fisheries Research},
  volume={70},
  number={2-3},
  pages={351--366},
  year={2004},
  publisher={Elsevier}
}

@article{huberty1989problems,
  title={Problems with stepwise methods: Better alternatives},
  author={Huberty, Carl J},
  journal={Advances in social science methodology},
  volume={1},
  pages={43--70},
  year={1989},
  publisher={JAI Press, Greenwich, Conn}
}

@book{gurnsey2017statistics,
  title={Statistics for Research in Psychology: A Modern Approach Using Estimation},
  author={Gurnsey, Rick},
  year={2017},
  publisher={SAGE Publications}
}

@article{anderson2017tech,
  title={Tech adoption climbs among older adults},
  author={Anderson, M and Perrin, A},
  journal={Washington: Pew Research Centre},
  year={2017}
}

@inproceedings{church2012wanted,
  title={I wanted to settle a bet!: understanding why and how people use mobile search in social settings},
  author={Church, Karen and Cousin, Antony and Oliver, Nuria},
  booktitle={Proceedings of the 14th international conference on Human-computer interaction with mobile devices and services},
  pages={393--402},
  year={2012},
  organization={ACM}
}

@inproceedings{carrascal2015situ,
  title={An in-situ study of mobile app \& mobile search interactions},
  author={Carrascal, Juan Pablo and Church, Karen},
  booktitle={Proceedings of the 33rd Annual ACM Conference on Human Factors in Computing Systems},
  pages={2739--2748},
  year={2015},
  organization={ACM}
}

@article{raper2007critical,
  title={A critical evaluation of location based services and their potential},
  author={Raper, Jonathan and Gartner, Georg and Karimi, Hassan and Rizos, Chris},
  journal={Journal of Location Based Services},
  volume={1},
  number={1},
  pages={5--45},
  year={2007},
  publisher={Taylor \& Francis}
}

@article{robinson2012navigation,
  title={Navigation your way: from spontaneous independent exploration to dynamic social journeys},
  author={Robinson, Simon and Jones, Matt and Williamson, John and Murray-Smith, Roderick and Eslambolchilar, Parisa and Lindborg, Mads},
  journal={Personal and Ubiquitous Computing},
  volume={16},
  number={8},
  pages={973--985},
  year={2012},
  publisher={Springer}
}

@inproceedings{dai2005use,
  title={Why use memo for all?: restructuring mobile applications to support informal note taking},
  author={Dai, Liwei and Lutters, Wayne G and Bower, Carlie},
  booktitle={CHI'05 extended abstracts on Human factors in computing systems},
  pages={1320--1323},
  year={2005},
  organization={ACM}
}

@article{bernstein2008information,
  title={Information scraps: How and why information eludes our personal information management tools},
  author={Bernstein, Michael and Van Kleek, Max and Karger, David and Schraefel, MC},
  journal={ACM Transactions on Information Systems (TOIS)},
  volume={26},
  number={4},
  pages={24},
  year={2008},
  publisher={ACM}
}

@article{rainie2015americans,
  title={Americans’ views on mobile etiquette},
  author={Rainie, Lee and Zickuhr, Kathryn},
  journal={Pew Research Center},
  volume={26},
  year={2015}
}

@article{oksman2003perhaps,
  title={Perhaps it is a body part”: How the mobile phone became an organic part of the everyday lives of Finnish children and teenagers},
  author={Oksman, Virpi and Rautiainen, Pirjo},
  journal={Machines that become us: The social context of personal communication technology},
  pages={161--70},
  year={2003},
  publisher={Transaction Publishers New Brunswick}
}

@article{turkle2008always,
  title={Always-on/always-on-you: The tethered self},
  author={Turkle, Sherry},
  journal={Handbook of mobile communication studies},
  pages={121--137},
  year={2008},
  publisher={Mit Press Cambridge, Mass}
}

@book{ling2008new,
  title={New tech, new ties},
  author={Ling, Richard},
  year={2008},
  publisher={MIT press Cambridge, MA}
}

@article{licoppe200811,
  title={11 The Mobile Phone’s Ring},
  author={Licoppe, Christian},
  journal={Handbook of mobile communication studies},
  pages={139},
  year={2008},
  publisher={The MIT Press}
}

@article{doring2008nonverbal,
  title={Nonverbal cues in mobile phone text messages: The effects of chronemics and proxemics},
  author={D{\"o}ring, Nicola and P{\"o}schl, Sandra},
  journal={The reconstruction of space and time: Mobile communication practices},
  volume={109},
  year={2008}
}

@book{zsambok2014naturalistic,
  title={Naturalistic decision making},
  author={Zsambok, Caroline E and Klein, Gary},
  year={2014},
  publisher={Psychology Press}
}

@incollection{ling2005nascent,
  title={Nascent communication genres within SMS and MMS},
  author={Ling, Richard and Julsrud, Tom and Yttri, Birgitte},
  booktitle={The Inside Text},
  pages={75--100},
  year={2005},
  publisher={Springer}
}

@inproceedings{avrahami2008waiting,
  title={IM waiting: timing and responsiveness in semi-synchronous communication},
  author={Avrahami, Daniel and Fussell, Susan R and Hudson, Scott E},
  booktitle={Proceedings of the 2008 ACM conference on Computer supported cooperative work},
  pages={285--294},
  year={2008},
  organization={ACM}
}

@article{cui2016beyond,
  title={Beyond “connected presence”: Multimedia mobile instant messaging in close relationship management},
  author={Cui, Di},
  journal={Mobile Media \& Communication},
  volume={4},
  number={1},
  pages={19--36},
  year={2016},
  publisher={SAGE Publications Sage UK: London, England}
}

@article{walther2005let,
  title={Let me count the ways: The interchange of verbal and nonverbal cues in computer-mediated and face-to-face affinity},
  author={Walther, Joseph B and Loh, Tracy and Granka, Laura},
  journal={Journal of language and social psychology},
  volume={24},
  number={1},
  pages={36--65},
  year={2005},
  publisher={Sage Publications Sage CA: Thousand Oaks, CA}
}

@article{tidwell2002computer,
  title={Computer-mediated communication effects on disclosure, impressions, and interpersonal evaluations: Getting to know one another a bit at a time},
  author={Tidwell, Lisa Collins and Walther, Joseph B},
  journal={Human communication research},
  volume={28},
  number={3},
  pages={317--348},
  year={2002},
  publisher={Wiley Online Library}
}

@article{weilenmann2003can,
  title={“I Can't Talk Now, I'm in a Fitting Room”: Formulating Availability and Location in Mobile-Phone Conversations},
  author={Weilenmann, Alexandra},
  journal={Environment and Planning A},
  volume={35},
  number={9},
  pages={1589--1605},
  year={2003},
  publisher={SAGE Publications Sage UK: London, England}
}

@article{tjora2011invisible,
  title={Invisible whispers: accounts of SMS communication in shared physical space},
  author={Tjora, Aksel H},
  journal={Convergence},
  volume={17},
  number={2},
  pages={193--211},
  year={2011},
  publisher={SAGE Publications Sage UK: London, England}
}

@article{rettie2009mobile,
  title={Mobile phone communication: Extending Goffman to mediated interaction},
  author={Rettie, Ruth},
  journal={Sociology},
  volume={43},
  number={3},
  pages={421--438},
  year={2009},
  publisher={Sage Publications Sage UK: London, England}
}

@inproceedings{nardi2000interaction,
  title={Interaction and outeraction: instant messaging in action},
  author={Nardi, Bonnie A and Whittaker, Steve and Bradner, Erin},
  booktitle={Proceedings of the 2000 ACM conference on Computer supported cooperative work},
  pages={79--88},
  year={2000},
  organization={ACM}
}

@article{lederer2004personal,
  title={Personal privacy through understanding and action: five pitfalls for designers},
  author={Lederer, Scott and Hong, Jason I and Dey, Anind K and Landay, James A},
  journal={Personal and Ubiquitous Computing},
  volume={8},
  number={6},
  pages={440--454},
  year={2004},
  publisher={Springer}
}

@inproceedings{hancock2009butler,
  title={Butler lies: awareness, deception and design},
  author={Hancock, Jeff and Birnholtz, Jeremy and Bazarova, Natalya and Guillory, Jamie and Perlin, Josh and Amos, Barrett},
  booktitle={Proceedings of the SIGCHI Conference on Human Factors in Computing Systems},
  pages={517--526},
  year={2009},
  organization={ACM}
}

@inproceedings{tyler2003can,
  title={When can I expect an email response? A study of rhythms in email usage},
  author={Tyler, Joshua R and Tang, John C},
  booktitle={ECSCW 2003},
  pages={239--258},
  year={2003},
  organization={Springer}
}

@article{dabbish2004awareness,
  title={Awareness displays and interruptions in teams},
  author={Dabbish, Laura and Kraut, Robert},
  year={2004}
}

@article{tsapeli2015investigating,
  title={Investigating causality in human behavior from smartphone sensor data: a quasi-experimental approach},
  author={Tsapeli, Fani and Musolesi, Mirco},
  journal={EPJ Data Science},
  volume={4},
  number={1},
  pages={24},
  year={2015},
  publisher={Springer}
}

@article{wellman2001computer,
  title={Computer networks as social networks},
  author={Wellman, Barry},
  journal={Science},
  volume={293},
  number={5537},
  pages={2031--2034},
  year={2001},
  publisher={American Association for the Advancement of Science}
}

@article{tossell2012getting,
  title={Getting real: a naturalistic methodology for using smartphones to collect mediated communications},
  author={Tossell, Chad C and Kortum, Philip and Shepard, Clayton W and Rahmati, Ahmad and Zhong, Lin},
  journal={Advances in Human-Computer Interaction},
  volume={2012},
  pages={10},
  year={2012},
  publisher={Hindawi Publishing Corp.}
}

@article{krauss1996social,
  title={Social psychological models of interpersonal communication.},
  author={Krauss, Robert M and Fussell, Susan R},
  year={1996},
  publisher={Guilford Press}
}

@inproceedings{aoki2005making,
  title={Making space for stories: ambiguity in the design of personal communication systems},
  author={Aoki, Paul M and Woodruff, Allison},
  booktitle={Proceedings of the SIGCHI conference on Human factors in computing systems},
  pages={181--190},
  year={2005},
  organization={ACM}
}

@inproceedings{min2013mining,
  title={Mining smartphone data to classify life-facets of social relationships},
  author={Min, Jun-Ki and Wiese, Jason and Hong, Jason I and Zimmerman, John},
  booktitle={Proceedings of the 2013 conference on Computer supported cooperative work},
  pages={285--294},
  year={2013},
  organization={ACM}
}

@inproceedings{pielot2015boredom,
  title={Boredom-triggered proactive recommendations},
  author={Pielot, Martin and Baltrunas, Linas and Oliver, Nuria},
  booktitle={Proceedings of the 17th International Conference on Human-Computer Interaction with Mobile Devices and Services Adjunct},
  pages={1106--1110},
  year={2015},
  organization={ACM}
}

@article{burgoon1989nonverbal,
  title={Nonverbal expectancy violations and conversational involvement},
  author={Burgoon, Judee K and Newton, Deborah A and Walther, Joseph B and Baesler, E James},
  journal={Journal of Nonverbal Behavior},
  volume={13},
  number={2},
  pages={97--119},
  year={1989},
  publisher={Springer}
}

@article{baxter1987symbols,
  title={Symbols of relationship identity in relationship cultures},
  author={Baxter, Leslie A},
  journal={Journal of Social and Personal Relationships},
  volume={4},
  number={3},
  pages={261--280},
  year={1987},
  publisher={Sage Publications Sage CA: Thousand Oaks, CA}
}

@book{duck1999relating,
  title={Relating To Others 2/E},
  author={Duck, Steve},
  year={1999},
  publisher={McGraw-Hill Education (UK)}
}

@book{burgoon2007interpersonal,
  title={Interpersonal adaptation: Dyadic interaction patterns},
  author={Burgoon, Judee K and Stern, Lesa A and Dillman, Leesa},
  year={2007},
  publisher={Cambridge University Press}
}

@article{burgoon1993interpersonal,
  title={Interpersonal expectations, expectancy violations, and emotional communication},
  author={Burgoon, Judee K},
  journal={Journal of Language and Social Psychology},
  volume={12},
  number={1-2},
  pages={30--48},
  year={1993},
  publisher={Sage Publications Sage CA: Thousand Oaks, CA}
}

@article{burgoon1993effects,
  title={Effects of communication expectancies, actual communication, and expectancy disconfirmation on evaluations of communicators and their communication behavior},
  author={Burgoon, Judee K and Le Poire, Beth A},
  journal={Human communication research},
  volume={20},
  number={1},
  pages={67--96},
  year={1993},
  publisher={Oxford University Press}
}

@article{zuur2009mixed,
  title={Mixed effects models and extensions in ecology with R. Gail M, Krickeberg K, Samet JM, Tsiatis A, Wong W, editors},
  author={Zuur, AF and Ieno, EN and Walker, NJ and Saveliev, AA and Smith, GM},
  journal={New York, NY: Spring Science and Business Media},
  year={2009}
}

@book{sheather2009modern,
  title={A modern approach to regression with R},
  author={Sheather, Simon},
  year={2009},
  publisher={Springer Science \& Business Media}
}

@article{addas2015many,
  title={The many faces of information technology interruptions: a taxonomy and preliminary investigation of their performance effects},
  author={Addas, Shamel and Pinsonneault, Alain},
  journal={Information Systems Journal},
  volume={25},
  number={3},
  pages={231--273},
  year={2015},
  publisher={Wiley Online Library}
}

@article{jones2001effects,
  title={The effects of nonverbal immediacy and verbal person centeredness in the emotional support process},
  author={Jones, Susanne M and Guerrero, Laura K},
  journal={Human Communication Research},
  volume={27},
  number={4},
  pages={567--596},
  year={2001},
  publisher={Oxford University Press}
}

@article{kangasharju2009emotions,
  title={Emotions in organizations: Joint laughter in workplace meetings},
  author={Kangasharju, Helena and Nikko, Tuija},
  journal={The Journal of Business Communication (1973)},
  volume={46},
  number={1},
  pages={100--119},
  year={2009},
  publisher={SAGE Publications Sage CA: Los Angeles, CA}
}

@article{svennevig2012interaction,
  title={Interaction in workplace meetings},
  author={Svennevig, Jan},
  journal={Discourse studies},
  volume={14},
  number={1},
  pages={3--10},
  year={2012},
  publisher={Sage Publications Sage UK: London, England}
}

@inproceedings{wainer2011should,
  title={Should I open this email?: inbox-level cues, curiosity and attention to email},
  author={Wainer, Jaclyn and Dabbish, Laura and Kraut, Robert},
  booktitle={Proceedings of the SIGCHI conference on human factors in computing systems},
  pages={3439--3448},
  year={2011},
  organization={ACM}
}

@incollection{burleson1996comforting,
  title={How the comforting process works: Alleviating emotional distress through conversationally induced reappraisals},
  author={Burleson, Brant R and Goldsmith, Daena J},
  booktitle={Handbook of communication and emotion},
  pages={245--280},
  year={1996},
  publisher={Elsevier}
}

@article{goffman1955face,
  title={On face-work: An analysis of ritual elements in social interaction},
  author={Goffman, Erving},
  journal={Psychiatry},
  volume={18},
  number={3},
  pages={213--231},
  year={1955},
  publisher={Taylor \& Francis}
}

@article{newman1982sounds,
  title={The sounds of silence in communicative encounters},
  author={Newman, Helen M},
  journal={Communication Quarterly},
  volume={30},
  number={2},
  pages={142--149},
  year={1982},
  publisher={Taylor \& Francis}
}